<record><leader>00000cas a22000007a 4500</leader><controlfield tag="001">16261982</controlfield><controlfield tag="008">870721d18731875iauwr ne      0    0eng d</controlfield><datafield ind1=" " ind2=" " tag="010"><subfield code="a">sn 87057750 </subfield></datafield><datafield ind1=" " ind2=" " tag="040"><subfield code="a">INP</subfield><subfield code="b">eng</subfield><subfield code="c">INP</subfield><subfield code="d">OCLCQ</subfield></datafield><datafield ind1=" " ind2=" " tag="042"><subfield code="a">msc</subfield></datafield><datafield ind1="0" ind2=" " tag="130"><subfield code="a">Sheldon mail (Sheldon, Iowa : 1873)</subfield></datafield><datafield ind1="1" ind2="4" tag="245"><subfield code="a">The Sheldon mail.</subfield></datafield><datafield ind1=" " ind2=" " tag="260"><subfield code="a">Sheldon, O'Brien County, Iowa :</subfield><subfield code="b">D.A.W. Perkins,</subfield><subfield code="c">-1875.</subfield></datafield><datafield ind1=" " ind2=" " tag="300"><subfield code="a">v.</subfield></datafield><datafield ind1=" " ind2=" " tag="310"><subfield code="a">Weekly</subfield></datafield><datafield ind1="1" ind2=" " tag="362"><subfield code="a">Began Jan. 1, 1873.</subfield></datafield><datafield ind1="0" ind2=" " tag="362"><subfield code="a">-v. 2, no. 52 (Jan. 1, 1875).</subfield></datafield><datafield ind1=" " ind2=" " tag="500"><subfield code="a">Publisher varies.</subfield></datafield><datafield ind1=" " ind2=" " tag="588"><subfield code="a">Description based on: Vol. 2, no. 1 (Jan. 7, 1874).</subfield></datafield><datafield ind1=" " ind2=" " tag="752"><subfield code="a">United States</subfield><subfield code="b">Iowa</subfield><subfield code="c">O'Brien</subfield><subfield code="d">Sheldon.</subfield></datafield><datafield ind1="0" ind2="0" tag="785"><subfield code="t">Sheldon republic</subfield><subfield code="w">(DLC)sn 87057752</subfield></datafield><datafield ind1="1" ind2=" " tag="029"><subfield code="a">AU@</subfield><subfield code="b">000025831270</subfield></datafield></record>